<record><leader>00000cas a22000007a 4500</leader><controlfield tag="001">11380358</controlfield><controlfield tag="008">841113d18721874ksuwr ne      0   a0eng d</controlfield><datafield ind1=" " ind2=" " tag="010"><subfield code="a">sn 84027648 </subfield></datafield><datafield ind1=" " ind2=" " tag="040"><subfield code="a">NPU</subfield><subfield code="b">eng</subfield><subfield code="c">NPU</subfield><subfield code="d">NPT</subfield><subfield code="d">OCLCQ</subfield></datafield><datafield ind1=" " ind2=" " tag="042"><subfield code="a">msc</subfield></datafield><datafield ind1="0" ind2=" " tag="130"><subfield code="a">Netawaka chief (Netawaka, Kan. : 1872)</subfield></datafield><datafield ind1="1" ind2="4" tag="245"><subfield code="a">The Netawaka chief.</subfield></datafield><datafield ind1=" " ind2=" " tag="260"><subfield code="a">Netawaka, Kan. :</subfield><subfield code="b">George S. Irwin &amp; Co.,</subfield><subfield code="c">1872-1874.</subfield></datafield><datafield ind1=" " ind2=" " tag="300"><subfield code="a">3 v. ;</subfield><subfield code="c">60 cm.</subfield></datafield><datafield ind1=" " ind2=" " tag="310"><subfield code="a">Weekly</subfield></datafield><datafield ind1="0" ind2=" " tag="362"><subfield code="a">Vol. 1, no. 1 (June 4, 1872)-v. 3, no. 7 (July 16, 1874).</subfield></datafield><datafield ind1=" " ind2=" " tag="500"><subfield code="a">Published by: H.D. Sprague &amp; Co., Oct. 1, 1872-Jan. 8, 1873; S.L. Roberts, Jan. 29, 1873-July 16, 1874.</subfield></datafield><datafield ind1=" " ind2=" " tag="500"><subfield code="a">"Independent."</subfield></datafield><datafield ind1=" " ind2=" " tag="500"><subfield code="a">Published every Wednesday.</subfield></datafield><datafield ind1=" " ind2=" " tag="588"><subfield code="a">Description based on: Vol. 1, no. 42 (Mar. 19, 1873).</subfield></datafield><datafield ind1=" " ind2=" " tag="752"><subfield code="a">United States</subfield><subfield code="b">Kansas</subfield><subfield code="c">Jackson</subfield><subfield code="d">Netawaka.</subfield></datafield><datafield ind1="0" ind2="0" tag="785"><subfield code="t">Brown County advocate</subfield><subfield code="w">(DLC)sn 83040586</subfield></datafield></record>